@inproceedings{Zookeeper10,
	author = {Hunt, Patrick and Konar, Mahadev and Junqueira, Flavio P. and Reed, Benjamin},
	title = {ZooKeeper: Wait-free Coordination for Internet-scale Systems},
	booktitle = {Proceedings of the 2010 USENIX Conference on USENIX Annual Technical Conference},
	series = {USENIXATC'10},
	year = {2010},
	location = {Boston, MA},
	pages = {11--11},
	numpages = {1},
	_url = {http://dl.acm.org/citation.cfm?id=1855840.1855851},
	acmid = {1855851},
	_publisher = {USENIX Association},
	_address = {Berkeley, CA, USA},
} 


@inproceedings{Chubby06,
	author = {Burrows, Mike},
	title = {The Chubby Lock Service for Loosely-coupled Distributed Systems},
	booktitle = {Proceedings of the 7th Symposium on Operating Systems Design and Implementation},
	series = {OSDI '06},
	year = {2006},
	_isbn = {1-931971-47-1},
	_location = {Seattle, Washington},
	pages = {335--350},
	numpages = {16},
	_url = {http://dl.acm.org/citation.cfm?id=1298455.1298487},
	acmid = {1298487},
	_publisher = {USENIX Association},
	_address = {Berkeley, CA, USA},
} 

@article{Ethereum14,
	author = {Gavin, Wood},
	month = apr,
	title = {Ethereum: A Secure Decentralised Generalized Transaction Ledger},
	url = {http://gavwood.com/paper.pdf},
	year = 2014
}

@article{Bitcoin09,
	_added-at = {2011-11-13T16:57:10.000+0100},
	author = {Nakamoto, Satoshi},
	_biburl = {https://www.bibsonomy.org/bibtex/2974d35fdb27dea57296ed2245556aa18/gizmoguy},
	_interhash = {423c2cdff70ba0cd0bca55ebb164d770},
	_intrahash = {974d35fdb27dea57296ed2245556aa18},
	_keywords = {bitcoin cash electronic peer privacy},
	month = may,
	_timestamp = {2011-11-13T16:57:10.000+0100},
	title = {Bitcoin: A Peer-to-Peer Electronic Cash System},
	url = {http://www.bitcoin.org/bitcoin.pdf},
	year = 2009
}

@article{DLS88,
	author = {Dwork, Cynthia and Lynch, Nancy and Stockmeyer, Larry},
	title = {Consensus in the Presence of Partial Synchrony},
	journal = {J. ACM},
	issue_date = {April 1988},
	volume = {35},
	number = {2},
	month = apr,
	year = {1988},
	issn = {0004-5411},
	pages = {288--323},
	numpages = {36},
	_url = {http://doi.acm.org/10.1145/42282.42283},
	_doi = {10.1145/42282.42283},
	acmid = {42283},
	_publisher = {ACM},
	_address = {New York, NY, USA},
} 

@article{FLP85,
	author = {Fischer, Michael J. and Lynch, Nancy A. and Paterson, Michael S.},
	title = {Impossibility of Distributed Consensus with One Faulty Process},
	journal = {J. ACM},
	issue_date = {April 1985},
	volume = {32},
	number = {2},
	month = apr,
	year = {1985},
	issn = {0004-5411},
	pages = {374--382},
	numpages = {9},
	_url = {http://doi.acm.org/10.1145/3149.214121},
	_doi = {10.1145/3149.214121},
	acmid = {214121},
	_publisher = {ACM},
	_address = {New York, NY, USA},
} 


@article{Lamport82,
	author = {Lamport, Leslie and Shostak, Robert and Pease, Marshall},
	title = {The Byzantine Generals Problem},
	journal = {ACM Trans. Program. Lang. Syst.},
	issue_date = {July 1982},
	volume = {4},
	number = {3},
	month = jul,
	year = {1982},
	_issn = {0164-0925},
	pages = {382--401},
	numpages = {20},
	_url = {http://doi.acm.org/10.1145/357172.357176},
	_doi = {10.1145/357172.357176},
	acmid = {357176},
	publisher = {ACM},
	_address = {New York, NY, USA},
}

@article{DolevStrong83,
	author = {Danny Dolev and H. Raymond Strong},
	title = {Authenticated Algorithms for Byzantine Agreement},
	journal = {SIAM Journal on Computing},
	volume = {12},
	number = {4},
	pages = {656-666},
	year = {1983},
	_doi = {10.1137/0212045},
	_URL = {https://doi.org/10.1137/0212045},
	_eprint = {https://doi.org/10.1137/0212045}
}

@misc{Rafael16,
	author = {Rafael Pass and Lior Seeman and abhi shelat},
	title = {Analysis of the Blockchain Protocol in Asynchronous Networks},
	howpublished = {Cryptology ePrint Archive, Report 2016/454},
	year = {2016},
	note = {\url{http://eprint.iacr.org/2016/454}},
}

@article{Gabriel85,
	author = {Bracha, Gabriel and Toueg, Sam},
	title = {Asynchronous Consensus and Broadcast Protocols},
	journal = {J. ACM},
	issue_date = {Oct. 1985},
	volume = {32},
	number = {4},
	month = oct,
	year = {1985},
	_issn = {0004-5411},
	pages = {824--840},
	numpages = {17},
	_url = {http://doi.acm.org/10.1145/4221.214134},
	_doi = {10.1145/4221.214134},
	acmid = {214134},
	publisher = {ACM},
	address = {New York, NY, USA},
} 

@article{Paxos06,
	author = {Lamport, Leslie},
	title = {Fast Paxos},
	booktitle = {},
	year = {2006},
	publisher = {},
	_url = {https://www.microsoft.com/en-us/research/publication/fast-paxos/},
	address = {},
	pages = {79-103},
	journal = {Distributed Computing},
	volume = {19},
	chapter = {},
	isbn = {},
}

@inproceedings{PBFT99,
	author = {Castro, Miguel and Liskov, Barbara},
	title = {Practical Byzantine Fault Tolerance},
	booktitle = {Proceedings of the Third Symposium on Operating Systems Design and Implementation},
	series = {OSDI '99},
	year = {1999},
	_isbn = {1-880446-39-1},
	_location = {New Orleans, Louisiana, USA},
	pages = {173--186},
	numpages = {14},
	_url = {http://dl.acm.org/citation.cfm?id=296806.296824},
	acmid = {296824},
	_publisher = {USENIX Association},
} 

@Inbook{PiCalculus93,
	author="Milner, Robin",
	editor="Bauer, Friedrich L.
		and Brauer, Wilfried
		and Schwichtenberg, Helmut",
	title="The Polyadic $\pi$-Calculus: a Tutorial",
	bookTitle="Logic and Algebra of Specification",
	year="1993",
	_publisher="Springer Berlin Heidelberg",
	_address="Berlin, Heidelberg",
	pages="203--246",
	_isbn="978-3-642-58041-3",
	_doi="10.1007/978-3-642-58041-3_6",
	_url="https://doi.org/10.1007/978-3-642-58041-3_6"
}

@inproceedings{UC01,
	author={R. Canetti}, 
	booktitle={Proceedings 2001 IEEE International Conference on Cluster Computing}, 
	title={Universally composable security: a new paradigm for cryptographic protocols}, 
	year={2001}, 
	volume={}, 
	number={}, 
	pages={136-145}, 
	_doi={10.1109/SFCS.2001.959888}, 
}

@inproceedings{Bugs17,
	author = {Fonseca, Pedro and Zhang, Kaiyuan and Wang, Xi and Krishnamurthy, Arvind},
	title = {An Empirical Study on the Correctness of Formally Verified Distributed Systems},
	booktitle = {Proceedings of the Twelfth European Conference on Computer Systems},
	series = {EuroSys '17},
	year = {2017},
	_isbn = {978-1-4503-4938-3},
	_location = {Belgrade, Serbia},
	pages = {328--343},
	numpages = {16},
	_url = {http://doi.acm.org/10.1145/3064176.3064183},
	_doi = {10.1145/3064176.3064183},
	acmid = {3064183},
	_publisher = {ACM},
} 

@inproceedings{Bugs14,
	author = {Yuan, Ding and Luo, Yu and Zhuang, Xin and Rodrigues, Guilherme Renna and Zhao, Xu and Zhang, Yongle and Jain, Pranay U. and Stumm, Michael},
	title = {Simple Testing Can Prevent Most Critical Failures: An Analysis of Production Failures in Distributed Data-intensive Systems},
	booktitle = {Proceedings of the 11th USENIX Conference on Operating Systems Design and Implementation},
	series = {OSDI'14},
	year = {2014},
	_isbn = {978-1-931971-16-4},
	_location = {Broomfield, CO},
	pages = {249--265},
	numpages = {17},
	_url = {http://dl.acm.org/citation.cfm?id=2685048.2685068},
	acmid = {2685068},
	_publisher = {USENIX Association},
} 

@inproceedings {Bugs16,
	author = {Colin Scott and Vjekoslav Brajkovic and George Necula and Arvind Krishnamurthy and Scott Shenker},
	title = {Minimizing Faulty Executions of Distributed Systems},
	booktitle = {13th {USENIX} Symposium on Networked Systems Design and Implementation ({NSDI} 16)},
	year = {2016},
	_isbn = {978-1-931971-29-4},
	_address = {Santa Clara, CA},
	pages = {291--309},
	_publisher = {{USENIX} Association},
}

@inproceedings {Raft14,
	author = {Diego Ongaro and John Ousterhout},
	title = {In Search of an Understandable Consensus Algorithm},
	booktitle = {2014 {USENIX} Annual Technical Conference ({USENIX} {ATC} 14)},
	year = {2014},
	_isbn = {978-1-931971-10-2},
	_address = {Philadelphia, PA},
	pages = {305--319},
	_publisher = {{USENIX} Association},
}

@inproceedings{IronFleet15,
	author = {Hawblitzel, Chris and Howell, Jon and Kapritsos, Manos and Lorch, Jay and Parno, Bryan and Roberts, Michael Lowell and Setty, Srinath and Zill, Brian},
	title = {IronFleet: Proving Practical Distributed Systems Correct},
	booktitle = {Proceedings of the ACM Symposium on Operating Systems Principles (SOSP)},
	year = {2015},
	_publisher = {ACM â€“ Association for Computing Machinery},
}

@article{Chapar16,
	author = {Lesani, Mohsen and Bell, Christian J. and Chlipala, Adam},
	title = {Chapar: Certified Causally Consistent Distributed Key-value Stores},
	journal = {SIGPLAN Not.},
	issue_date = {January 2016},
	volume = {51},
	number = {1},
	month = jan,
	year = {2016},
	_issn = {0362-1340},
	pages = {357--370},
	numpages = {14},
	_url = {http://doi.acm.org/10.1145/2914770.2837622},
	_doi = {10.1145/2914770.2837622},
	acmid = {2837622},
	publisher = {ACM},
	_address = {New York, NY, USA},
	_keywords = {causal consistency, theorem proving, verification},
} 

@inproceedings{MODIST09,
	author = {Yang, Junfeng and Chen, Tisheng and Wu, Ming and Xu, Zhilei and Liu, Xuezheng and Lin, Haoxiang and Yang, Mao and Long, Fan and Zhang, Lintao and Zhou, Lidong},
	title = {MODIST: Transparent Model Checking of Unmodified Distributed Systems},
	booktitle = {Proceedings of the 6th USENIX Symposium on Networked Systems Design and Implementation},
	series = {NSDI'09},
	year = {2009},
	_location = {Boston, Massachusetts},
	pages = {213--228},
	numpages = {16},
	_url = {http://dl.acm.org/citation.cfm?id=1558977.1558992},
	acmid = {1558992},
	_publisher = {USENIX Association},
	_address = {Berkeley, CA, USA},
} 
